<record><leader>00000cas a2200000   4500</leader><controlfield tag="001">1697132</controlfield><controlfield tag="008">751012d17681876maucr ne      0   a1eng c</controlfield><datafield ind1=" " ind2=" " tag="010"><subfield code="a">sn2001062071</subfield></datafield><datafield ind1=" " ind2=" " tag="040"><subfield code="a">MUL</subfield><subfield code="b">eng</subfield><subfield code="c">MUL</subfield><subfield code="d">NPH</subfield><subfield code="d">NYS</subfield><subfield code="d">OCLCQ</subfield><subfield code="d">OCLCO</subfield></datafield><datafield ind1="1" ind2=" " tag="029"><subfield code="a">AU@</subfield><subfield code="b">000022850382</subfield></datafield><datafield ind1=" " ind2=" " tag="042"><subfield code="a">pcc</subfield></datafield><datafield ind1=" " ind2=" " tag="043"><subfield code="a">n-us-ma</subfield></datafield><datafield ind1=" " ind2="4" tag="050"><subfield code="a">AP2.A2</subfield><subfield code="b">B6</subfield></datafield><datafield ind1="0" ind2="0" tag="245"><subfield code="a">Boston semi-weekly advertiser.</subfield></datafield><datafield ind1="1" ind2="0" tag="247"><subfield code="a">Essex gazette</subfield><subfield code="f">Aug. 2, 1768-May 2, 1775</subfield></datafield><datafield ind1="1" ind2="0" tag="247"><subfield code="a">New-England chronicle; or, the Essex gazette</subfield><subfield code="f">May 12, 1775-Apr. 4, 1776</subfield></datafield><datafield ind1="1" ind2="0" tag="247"><subfield code="a">New-England chronicle</subfield><subfield code="f">Apr. 25-Sept. 12, 1776</subfield></datafield><datafield ind1="1" ind2="0" tag="247"><subfield code="a">Independent chronicle</subfield><subfield code="f">Sept. 19-Oct. 31, 1776</subfield></datafield><datafield ind1="1" ind2="0" tag="247"><subfield code="a">Independent chronicle; and the universal advertiser</subfield><subfield code="g">(varies slightly)</subfield><subfield code="f">Nov. 7, 1776-Dec. 17, 1801</subfield></datafield><datafield ind1="1" ind2="0" tag="247"><subfield code="a">Independent chronicle</subfield><subfield code="g">(varies slightly)</subfield><subfield code="f">Dec. 21, 1801-May 29, 1817</subfield></datafield><datafield ind1="1" ind2="0" tag="247"><subfield code="a">Independent chronicle &amp; Boston patriot (for the country)</subfield><subfield code="f">June 4, 1817-Sept. 24, 1817</subfield></datafield><datafield ind1="1" ind2="0" tag="247"><subfield code="a">Independent chronicle and Boston patriot</subfield><subfield code="g">(varies slightly)</subfield><subfield code="f">Oct. 1, 1817-May 23, 1840</subfield></datafield><datafield ind1=" " ind2=" " tag="260"><subfield code="a">Boston,</subfield><subfield code="b">Ballard &amp; Wright,</subfield><subfield code="c">1768-1840.</subfield></datafield><datafield ind1=" " ind2=" " tag="300"><subfield code="a">v.</subfield><subfield code="c">40 cm.</subfield></datafield><datafield ind1=" " ind2=" " tag="310"><subfield code="a">Semiweekly,</subfield><subfield code="b">Aug. 19, 1793-1876</subfield></datafield><datafield ind1=" " ind2=" " tag="321"><subfield code="a">Weekly,</subfield><subfield code="b">Aug. 2, 1768-Aug. 15, 1793</subfield></datafield><datafield ind1="1" ind2=" " tag="362"><subfield code="a">Began Aug. 2, 1768; ceased in 1876.</subfield></datafield><datafield ind1=" " ind2=" " tag="500"><subfield code="a">Evans 10894.</subfield></datafield><datafield ind1=" " ind2=" " tag="515"><subfield code="a">No issue published for Feb. 15, 1776; half sheet only for Feb. 22, 1776.</subfield></datafield><datafield ind1=" " ind2=" " tag="525"><subfield code="a">A "Supplement to the Boston Independent chronicle", no. 705, Feb. 28, 1782, was printed by Benjamin Franklin, as a hoax, at his press in Passy, France. The spurious issue, of which there were two editions, was dated Mar. 20, 1782 in a Boston date-line. Cf. Brigham, C.S. History and bibliography of American newspapers, 1690-1820.</subfield></datafield><datafield ind1=" " ind2=" " tag="550"><subfield code="a">Publisher varies: Aug. 2, 1768-Dec. 31, 1771, Samuel Hall; Jan. 4, 1772-Feb. 1776, Samuel and Ebenezer Hall; Feb. 1776-June 6, 1776, Samuel Hall; June 13, 1776-Feb. 25, 1779, Powars and Willis; Mar. 4, 1779-Dec. 25, 1783, Nathaniel Willis; Jan. 1, 1784-Dec. 31 1789, Adams and Nourse; Jan. 7, 1790-July 4, 1793, Thomas Adams; July 11, 1793-Nov. 30, 1797, Adams and Larkin; Dec. 7, 1797-May 6, 1799, Thomas Adams; May 13, 1799-May 8, 1800, Ebenezer Rhoades for the proprietor, James White; May 15, 1800-May 28, 1817, Adams &amp; Rhoades; June 4, 1817- Ballard &amp; Wright.</subfield></datafield><datafield ind1=" " ind2="0" tag="650"><subfield code="a">American newspapers, Early.</subfield></datafield><datafield ind1=" " ind2="0" tag="651"><subfield code="a">Boston (Mass.)</subfield><subfield code="v">Newspapers.</subfield></datafield><datafield ind1=" " ind2="0" tag="651"><subfield code="a">Suffolk County (Mass.)</subfield><subfield code="v">Newspapers.</subfield></datafield><datafield ind1=" " ind2=" " tag="752"><subfield code="a">United States</subfield><subfield code="b">Massachusetts</subfield><subfield code="c">Suffolk</subfield><subfield code="d">Boston.</subfield></datafield><datafield ind1=" " ind2=" " tag="936"><subfield code="a">INC</subfield></datafield></record>